@ONLINE {aaronbalchunas2014,
    author = "Aaron Balchunas",
    title  = "Cisco CCNA Study Guide v2.71",
    month  = "jul",
    year   = "2014",
    url    = "https://www.routeralley.com/completed/ccna\textunderscore studyguide.pdf"
}
@BOOK {cn2010,
    author    = "Tanenbaum, A.~S and Wetherall, D.~J",
    title     = "Computer Networks",
    publisher = "Pearson",
    year      = "2010",
    edition   = "fifth"
}